@article{MORETTI2004175,
title = {Estimating the social return to higher education: evidence from longitudinal and repeated cross-sectional data},
journal = {Journal of Econometrics},
volume = {121},
number = {1},
pages = {175-212},
year = {2004},
note = {Higher education (Annals issue)},
issn = {0304-4076},
doi = {https://doi.org/10.1016/j.jeconom.2003.10.015},
url = {https://www.sciencedirect.com/science/article/pii/S0304407603002653},
author = {Enrico Moretti},
keywords = {Education, Externalities, Spillovers, Wages},}